% !TEX encoding = IsoLatin

% La bibliografia, da inserirsi solo se ci sono state citazioni.
% In questo caso ricordarsi che bisogna sempre elaborare due volte il file .TEX
% perché la prima volta viene generata la bibliografia mentre la seconda volta viene inclusa

% NOTA: citare il DOI non è obbligatorio ma MOLTO desiderabile
@article{Rouse_2018,
	author = {Margaret Rouse},
	title = {Definition of Cybersecurity},
	journal = {Security threats and countermeasures glossary},
	date = {2018-05},
	url = {https://searchsecurity.techtarget.com/definition/cybersecurity}
}

@techreport{Widup_2018,	
	author = {Suzanne Widup and Marc Spitler and David Hylender and Gabriel Bassett},
	title = {2018 Data Breach Investigations Report},
	journal = {Verizon},
	date = {2018-04},
	url = {https://enterprise.verizon.com/resources/reports/2018/DBIR_2018_Report.pdf}	
}

@book{Zetter_2015,
	author = {Kim Zetter},
	title = {Countdown to Zero Day: Stuxnet and the Launch of the World's First Digital Weapon},
	date = {2015-09},
	isbn = {978-0-770-43617-9},
	publisher = {Crown Pub}
}

@article{Shamah_2013,
	author = {David Shamah},
	title = {Stuxnet, gone rogue, hit Russian nuke plant, space station},
	journal = {The Times of Israel},
	date = {2013-11-11},
	url = {http://www.timesofisrael.com/stuxnet-gone-rogue-hit-russian-nuke-plant-space-station/}
}

@book{Abt_1970,
	author = {Clark Abt},
	title = {Serious Games},
	date = {1970-03-06},
	isbn = {978-0-670-63490-3},
	publisher = {Viking Press}
}

@article{Angour_2013,
	author = {Armand D'Angour},
	title = {Plato and Play: Takin Education Seriously in Ancient Greece},
	journal = {American Journal of Play},
	volume = {5},
	number = {3},
	date = {2013},
	url = {http://www.journalofplay.org/sites/www.journalofplay.org/files/pdf-articles/5-3-article-plato-and-play.pdf}
}

@book{Michael_2015,
	author = {David Michael and Sande Chen},
	title = {Serious Games: Games That Educate, Train, and Info},
	date = {2015-10-10},
	isbn = {978-1-592-00622-9},
	publisher = {Course Technology PTR}
}

@article{Corti_2006,
	author = {Kevin Corti},
	title = {Games-based Learning; a serious business application},
	journal = {PIXELearning},
	date = {2006-02-09},
	url = {https://www.cs.auckland.ac.nz/courses/compsci777s2c/lectures/Ian/serious%20games%20business%20applications.pdf}
}

@book{Bogost_2007,
	author = {Ian Bogost},
	title = {Persuasive Games: The Expressive Power of Videogames},
	date = {2007},
	isbn = {978-0-262-02614-7},
	publisher = {The MIT Press}
}

@book{Parlett_1999,
	author = {David Parlett},
	title = {Oxford History of Board Games},
	date = {1999-06-03},
	isbn = {978-0-192-12998-7},
	publisher = {Oxford University Press}
}

@inproceedings{Sawyer_2008,
	author = {Ben Sawyer and Peter Smith},
	title = {Serious Games Taxonomy},
	date = {2008-02-19},
	eventtitle = {Game Developer Conference 2008},
	location = {San Francisco (CA, USA)},
	url = {https://thedigitalentertainmentalliance.files.wordpress.com/2011/08/serious-games-taxonomy.pdf}
}

@book{Felicia_2011,
	author = {Patrick Felicia},
	title = {Handbook of Research on Improving Learning and Motivation through Educational Games: Multidisciplinary Approaches},
	date = {2011-04},
	doi = {10.4018/978-1-60960-495-0},
	isbn = {978-1-609-60495-0},
	publisher = {IGI Global}
}

@article{Fisher_2018,
	author = {Jessica Fisher},
	title = {How ``Assassin's Creed'' is Helping Students Learn about History},
	journal = {Geek \& Sundry},
	date = {2018-03-13},
	url = {https://geekandsundry.com/how-assassins-creed-is-helping-students-learn-about-history/}
}

@article{Trepanier_2014,
	author = {Nicolas Trépanier},
	title = {The Assassin's Perspective: Teaching History with Video Games},
	journal = {Perspective on History},
	date = {2014-05-01},
	url = {https://www.historians.org/publications-and-directories/perspectives-on-history/may-2014/the-assassins-perspective}
}

@online{Ludoscience_2011,
	author = {Ludoscience},
	title = {Serious Game Classification},
	date = {2011},
	url = {http://serious.gameclassification.com/EN/index.html}
}

@article{Subrahmanyam_1994,
	author = {Kaveri Subrahmanyam and Patricia M. Greenfield},
	title = {Effect of video game practice on spatial skills in girls and boys},
	journal = {Journal of Applied Developmental Psychology},
	date = {1994-01},
	publisher = {Elsevier {BV}},
	volume = {15},
	number = {1},
	pages = {13--32},
	url = {https://doi.org/10.1016%2F0193-3973%2894%2990004-3},
	doi = {10.1016/0193-3973(94)90004-3}
}

@article{Lohse_2013,
	doi = {10.1097/npt.0000000000000017},
	url = {https://doi.org/10.1097%2Fnpt.0000000000000017},
	date = {2013-12},
	publisher = {Ovid Technologies (Wolters Kluwer Health)},
	volume = {37},
	number = {4},
	pages = {166--175},
	author = {Keith Lohse and Navid Shirzad and Alida Verster and Nicola Hodges and H. F. Machiel Van der Loos},
	title = {Video Games and Rehabilitation},
	journal = {Journal of Neurologic Physical Therapy}
}

@article{Bonato_2005,
	doi = {10.1186/1743-0003-2-2},
	url = {https://jneuroengrehab.biomedcentral.com/articles/10.1186/1743-0003-2-2},
	date = {2005-02-25},
	volume = {2},
	number = {2},
	author = {Paolo Bonato},
	title = {Advances in wearable technology and applications in physical medicine and rehabilitation},
	journal = {Journal of NeuroEngineering and Rehabilitation}
}

@article{Elliott_2015,
	doi = {10.1089/g4h.2014.0104},
	url = {https://doi.org/10.1089%2Fg4h.2014.0104},
	date = {2015-08},
	publisher = {Mary Ann Liebert Inc},
	volume = {4},
	number = {4},
	pages = {271--277},
	author = {Luther Elliott and Andrew Golub and Matthew Price and Alexander Bennett},
	title = {More than Just a Game? Combat-Themed Gaming Among Recent Veterans with Posttraumatic Stress Disorder},
	journal = {Games for Health Journal}
}

@article{Saraiva_2007,
	date = {2007},
	publisher = {Interactive Media Institute},
	volume = {5},
	pages = {199--205},
	author = {Tomaz Saraiva and Pedro Gamito and Jorge Oliveira and Diogo Morais and Miguel Pombal and Luiz Gamito and Marisa Anastácio },
	title = {The use of VR exposure in the treatment of motor vehicle PTSD: A case-report },
	journal = {Annual Review of CyberTherapy and Telemedicine}
}

@article{Frye_2017,
	author = {Devon Frye},
	title = {Could This Be the First FDA-Approved Video Game for ADHD?},
	journal = {ADDitude Magazine},
	date = {2017-12-18},
	url = {https://www.additudemag.com/therapeutic-video-game-adhd-symptoms-children/?tos=accepted}
}

@article{Kulman_2014,
	author = {Randy Kulman},
	title = {Video Games Can Help Kids with ADHD - If You Choose Wisely},
	journal = {ADDitude Magazine},
	date = {2014},
	url = {https://www.additudemag.com/video-games-help-adhd/?tos=accepted}
}

@article{Anderson_2010,
	doi = {10.1037/a0018251},
	url = {https://doi.org/10.1037%2Fa0018251},
	date = {2010},
	publisher = {American Psychological Association ({APA})},
	volume = {136},
	number = {2},
	pages = {151--173},
	author = {Craig A. Anderson and Akiko Shibuya and Nobuko Ihori and Edward L. Swing and Brad J. Bushman and Akira Sakamoto and Hannah R. Rothstein and Muniba Saleem},
	title = {Violent video game effects on aggression, empathy, and prosocial behavior in Eastern and Western countries: A meta-analytic review.},
	journal = {Psychological Bulletin}
}

@article{Aarseth_2017,
	doi = {10.1556/2006.5.2016.088},
	url = {https://doi.org/10.1556%2F2006.5.2016.088},
	date = {2017-09},
	publisher = {Akademiai Kiado Zrt.},
	volume = {6},
	number = {3},
	pages = {267--270},
	author = {Espen Aarseth and Anthony M. Bean and Huub Boonen and Michelle Colder Carras and Mark Coulson and Dimitri Das and Jory Deleuze and Elza Dunkels and Johan Edman and Christopher J. Ferguson and Maria C. Haagsma and Karin Helmersson Bergmark and Zaheer Hussain and Jeroen Jansz and Daniel Kardefelt-Winther and Lawrence Kutner and Patrick Markey and Rune Kristian Lundedal Nielsen and Nicole Prause and Andrew Przybylski and Thorsten Quandt and Adriano Schimmenti and Vladan Starcevic and Gabrielle Stutman and Jan Van Looy and Antonius J. Van Rooij},
	title = {Scholars' open debate paper on the World Health Organization {ICD}-11 Gaming Disorder proposal},
	journal = {Journal of Behavioral Addictions}
}

@manual{ICD11_2018,
	author = {{World Health Organization}},
	title = {ICD-11 for Mortality and Morbidity Statistics},
	date = {2018-06-18}
}

@book{Cziksentmihalyi_1988,
	doi = {10.1017/cbo9780511621956},
	url = {https://doi.org/10.1017%2Fcbo9780511621956},
	isbn = {978-0-521-34288-9},
	date = {1988-08-26},
	publisher = {Cambridge University Press},
	editor = {Mihaly Csikszentmihalyi and Isabella Selega Csikszentmihalyi},
	title = {Optimal Experience: Psychological Studies of Flow in Consciousness}
}

@book{Cziksentmihalyi_1991,
	isbn = {978-0-060-92077-7},
	date = {1991},
	publisher = {HarperCollins Publishers},
	author = {Mihaly Csikszentmihalyi},
	title = {Flow: The Psychology of Optimal Experience}
}

@article{Shaffer_2005,
	doi = {10.1177/003172170508700205},
	url = {https://website.education.wisc.edu/kdsquire/tenure-files/23-pdk-VideoGamesAndFutureOfLearning.pdf},
	date = {2005-10},
	publisher = {{SAGE} Publications},
	volume = {87},
	number = {2},
	pages = {105--111},
	author = {David Williamson Shaffer and Kurt R. Squire and Richard Halverson and James P. Gee},
	title = {Video Games and the Future of Learning},
	journal = {Phi Delta Kappan}
}

@article{Herrington_2000,
	doi = {10.1007/bf02319856},
	url = {https://ro.uow.edu.au/cgi/viewcontent.cgi?referer=https://www.google.it/&httpsredir=1&article=1031&context=edupapers},
	date= {2000-09},
	publisher = {Springer Nature},
	volume = {48},
	number = {3},
	pages = {23--48},
	author = {Jan Herrington and Ron Oliver},
	title = {An instructional design framework for authentic learning environments},
	journal = {Educational Technology Research and Development}
}

@book{Lave_1991,
	doi = {10.1017/cbo9780511815355},
	isbn = {978-0-521-42374-8},
	date = {1991-09},
	publisher = {Cambridge University Press},
	author = {Jean Lave and Etienne Wenger},
	title = {Situated Learning: Legitimate Peripheral Participation}
}

@article{Hendrix_2016,
	doi = {10.17083/ijsg.v3i1.107},
	url = {http://journal.seriousgamessociety.org/index.php/IJSG/article/view/107/pdf_41},
	date = {2016-03},
	publisher = {Serious Games Society},
	volume = {3},
	number = {1},
	author = {Maurice Hendrix and Ali Al-Sherbaz and Victoria Bloom},
	title = {Game Based Cyber Security Training: are Serious Games suitable for cyber security training?},
	journal = {International Journal of Serious Games}
}

@inproceedings{Jones_2010,
	doi = {10.1109/secon.2010.5453895},
	url = {https://doi.org/10.1109%2Fsecon.2010.5453895},
	date = {2010-03},
	publisher = {{IEEE}},
	author = {Jonathan Jones and Xiaohong Yuan and Edward Carr and Huiming Yu},
	title = {A comparative study of {CyberCIEGE} game and Department of Defense Information Assurance Awareness video},
	booktitle = {Proceedings of the {IEEE} {SoutheastCon} 2010 ({SoutheastCon})}
}

@inproceedings{Raman_2014,
	doi = {10.1109/icgccee.2014.6921392},
	url = {https://doi.org/10.1109%2Ficgccee.2014.6921392},
	date= {2014-03},
	publisher = {{IEEE}},
	author = {Raghu Raman and Athira Lal and Krishnashree Achuthan},
	title = {Serious games based approach to cyber security concept learning: Indian context},
	booktitle = {2014 International Conference on Green Computing Communication and Electrical Engineering ({ICGCCEE})}
}

@inproceedings{Krassmann_2015,
	url = {https://www.researchgate.net/publication/284644533_Serious_Games_to_Computer_Networks_Learning_With_CyberCIEGE_A_Case_Study_in_Brazilian_Higher_Education},
	date = {2015-07},
	author = {Aliane L. Krassmann and Andressa Falcade and Luiz E. G. da Silva and Roseclea D. Medina},
	title = {Serious Games to Computer Networks Learning With CyberCIEGE: A Case Study in Brazilian Higher Education},
	booktitle = {2015 WEI - Workshop sobre Educação em Computação}
}

@article{Clarke_2009,
	url = {https://www.darkreading.com/risk/state-department-deploys-anti-phishing-phil-game-training/d/d-id/1132218},
	date = {2009-10-19},
	author = {Kristen Clarke},
	title = {State Department Deploys Anti-Phishing 'Phil' Game Training},
	journal = {DARKReading}
}

@online{CUPS_web,
	url = {https://cups.cs.cmu.edu/antiphishing_phil/},
	title = {CyLab Usable Privacy and Security Laboratory},
	subtitle = {Anti-Phishing Phil}	
}

@inproceedings{Sheng_2007,
	doi = {10.1145/1280680.1280692},
	url = {https://doi.org/10.1145%2F1280680.1280692},
	date = {2007-07},
	publisher = {{ACM} Press},
	author = {Steve Sheng and Bryant Magnien and Ponnurangam Kumaraguru and Alessandro Acquisti and Lorrie Faith Cranor and Jason Hong and Elizabeth Nunge},
	title = {Anti-Phishing Phil},
	booktitle = {Proceedings of the 3rd symposium on Usable privacy and security - {SOUPS} {\textquotesingle}07}
}

@inproceedings {Gondree_2013,
	author = {Mark Gondree and Zachary N.J. Peterson},
	title = {Valuing Security by Getting [d0x3d!]: Experiences with a Network Security Board Game},
	booktitle = {Presented as part of the 6th Workshop on Cyber Security Experimentation and Test},
	date = {2013-08-12},
	url = {https://www.usenix.org/conference/cset13/workshop-program/presentation/Gondree},
	publisher = {{USENIX}},
}

@online{Doxed_Steam,
	url = {https://steamcommunity.com/sharedfiles/filedetails/?id=590440835},
	title = {Steam Workshop},
	subtitle = {[d0x3d!]}
}

@online{Doxed_Site,
	url = {http://d0x3d.com/d0x3d/about.html},
	title = {[d0x3d!]},
	subtitle = {Website}
}

@online{TTS_Site,
	url = {https://www.tabletopsecurity.com/about},
	title = {TableTop Security},
	subtitle = {Website}
}

@techreport{Morgan_2019,
	author = {Steve Morgan},
	title = {2019 Official Annual Cybercrime Report},
	institution = {Herjavec Group},
	date = {2019},
	url = {https://www.herjavecgroup.com/wp-content/uploads/2018/12/CV-HG-2019-Official-Annual-Cybercrime-Report.pdf?mkt_tok=eyJpIjoiWldNd01qSmlPVE0yWVdWaCIsInQiOiJaR2JsWkxaNFpJYWhiV2F1Q1FQcFRWY1FOWmQ5OHpwb1FFTEd0NmI4Mk1rVjNpTlJST3ZDWFQ2TkRpaThQdm1VXC9jVnVaMHBOak5iRytqQ2tqd0swUE1uU1QrWjN5U21xK0tcL215Zkx0UmYrWjNmaWNBVFd5Z2M2dnVkbno4OHFuIn0%3D}
}

@techreport{Bolshev_2018,
	url = {https://ioactive.com/pdfs/SCADA-and-Mobile-Security-in-the-IoT-Era-Embedi-FINALab%20(1).pdf},
	date = {2018-01-11},
	publisher = {IOActive},
	author = {Alexander Bolshev and Ivan Yushkevich},
	title = {SCADA and Mobile Security in the IoT Era}
}

@incollection{Knapp_2015_3,
	doi = {10.1016/b978-0-12-420114-9.00003-4},
	url = {https://doi.org/10.1016%2Fb978-0-12-420114-9.00003-4},
	year = 2015,
	publisher = {Elsevier},
	pages = {41--57},
	author = {Eric D. Knapp and Joel Thomas Langill},
	title = {Industrial Cyber Security History and Trends},
	booktitle = {Industrial Network Security}
}

@incollection{Knapp_2015_7,
	doi = {10.1016/b978-0-12-420114-9.00007-1},
	url = {https://doi.org/10.1016%2Fb978-0-12-420114-9.00007-1},
	date = {2015},
	publisher = {Elsevier},
	pages = {171--207},
	author = {Eric D. Knapp and Joel Thomas Langill},
	title = {Hacking Industrial Control Systems},
	booktitle = {Industrial Network Security}
}
@techreport{Stouffer_2015,
	doi = {10.6028/nist.sp.800-82r2},
	url = {https://doi.org/10.6028%2Fnist.sp.800-82r2},
	date = {2015-06},
	publisher = {National Institute of Standards and Technology},
	author = {Keith Stouffer and Victoria Pillitteri and Suzanne Lightman and Marshall Abrams and Adam Hahn},
	title = {Guide to Industrial Control Systems ({ICS}) Security}
}

@incollection{Genge_2015,
	doi = {10.1201/b19311-13},
	url = {https://doi.org/10.1201%2Fb19311-13},
	date = {2015-09},
	publisher = {{CRC} Press},
	pages = {305--330},
	author = {B{\'{e}}la Genge and Adela Beres and Istv{\'{a}}n Kiss},
	title = {Using Software-Defined Networking to Mitigate Cyberattacks in Industrial Control Systems},
	booktitle = {Securing Cyber-Physical Systems}
}

@book{Sanger_2012,
	isbn = {978-0-307-71802-0},
	date = {2012-06-05},
	publisher = {Random House},
	author = {David E. Sanger},
	title = {Confront and Conceal: Obama's Secret Wars and Surprising Use of American Power}
}

@online{FSecure_2014,
	url = {https://www.f-secure.com/weblog/archives/00002718.html},
	title = {F-Secure Labs},
	subtitle = {Havex Hunts For ICS/SCADA Systems},
	date = {2014-06-23}
}

@techreport{Nelson_2016,
	url = {https://www.sans.org/reading-room/whitepapers/ICS/impact-dragonfly-malware-industrial-control-systems-36672},
	date = {2016-01-22},
	publisher = {SANS Institute Reading Room site},
	author = {Nell Nelson},
	title = {The Impact of Dragonfly Malware on Industrial Control Systems}
}

@techreport{Symantec_2014,
	url = {https://www.symantec.com/content/en/us/enterprise/media/security_response/whitepapers/Dragonfly_Threat_Against_Western_Energy_Suppliers.pdf},
	date = {2014-07-07},
	publisher = {Symantec},
	author = {Symantec Security Response},
	title = {Dragonfly: Cyberespionage Attacks Against Energy Suppliers}
}